@article{pullicino2014jif,
	title={Jif: Language-based Information-flow Security in Java},
	author={Pullicino, Kyle},
	journal={arXiv preprint arXiv:1412.8639},
	year={2014}
}

@inproceedings{simonet2003flow,
	title={Flow Caml in a nutshell},
	author={Simonet, Vincent and Rocquencourt, Inria},
	booktitle={Proceedings of the first APPSEM-II workshop},
	pages={152--165},
	year={2003},
	organization={Nottingham, United Kingdom}
}

@techreport{stone2000singleton,
  title={Singleton kinds and singleton types},
  author={Stone, Christopher A},
  year={2000},
  institution={DTIC Document}
}

@inproceedings{russo2008library,
	title={A library for light-weight information-flow security in Haskell},
	author={Russo, Alejandro and Claessen, Koen and Hughes, John},
	booktitle={ACM Sigplan Notices},
	volume={44},
	number={2},
	pages={13--24},
	year={2008},
	organization={ACM}
}

@inproceedings{li2006encoding,
	title={Encoding information flow in Haskell},
	author={Li, Peng and Zdancewic, Steve},
	booktitle={19th IEEE Computer Security Foundations Workshop (CSFW'06)},
	pages={12--pp},
	year={2006},
	organization={IEEE}
}

@article{denning1976lattice,
	title={A lattice model of secure information flow},
	author={Denning, Dorothy E},
	journal={Communications of the ACM},
	volume={19},
	number={5},
	pages={236--243},
	year={1976},
	publisher={ACM}
}

@book{pierce2005advanced,
	title={Advanced topics in types and programming languages},
	author={Pierce, Benjamin C},
	year={2005},
	publisher={MIT press}
}

@article{hughes2000generalising,
	title={Generalising monads to arrows},
	author={Hughes, John},
	journal={Science of computer programming},
	volume={37},
	number={1},
	pages={67--111},
	year={2000},
	publisher={Elsevier}
}